<collection xmlns="http://www.loc.gov/MARC21/slim">
  <record>
    <controlfield tag="001">1801</controlfield>
    <datafield tag="110" ind1=" " ind2=" ">
      <subfield code="a">CMS collaboration</subfield>
      <subfield code="w">451</subfield>
    </datafield>
    <datafield tag="245" ind1=" " ind2=" ">
      <subfield code="a">Condition data for 2011 CMS collision data</subfield>
    </datafield>
    <datafield tag="260" ind1=" " ind2=" ">
      <subfield code="b">CERN Open Data Portal</subfield>
      <subfield code="c">2016</subfield>
    </datafield>
    <datafield tag="264" ind1=" " ind2="0">
      <subfield code="c">2011</subfield>
    </datafield>
    <datafield tag="520" ind1=" " ind2=" ">
      <subfield code="a"><![CDATA[<p>Condition database includes non-event-related
      information (Alignment, Calibration, Temperature, etc) and parameters for
      simulation/reconstruction/analysis software.</p>
      <p> These files are needed when running a CMSSW job on the Open Data VM. They are automatically read from
      the /cvmfs/cms-opendata-conddb.cern.ch runtime, you do not need to download these files from here separately.</p>
      <p>FT_53_LV5_AN1_RUNA is to be used with the collision data of RunA 2011 (with the event range of the open data, the file for the full event range for 2011 are also stored
      under FT_53_LV5_AN1 on /cvmfs/cms-opendata-conddb.cern.ch)</p> 
      <p>For 2011 CMS Simulated Datasets see:</p>]]></subfield>
      <subfield code="w">1802</subfield>
    </datafield>
    <datafield tag="693" ind1=" " ind2=" ">
      <subfield code="a">CERN-LHC</subfield>
      <subfield code="e">CMS</subfield>
    </datafield>
    <datafield tag="856" ind1="7" ind2=" ">
      <subfield code="2">xrootd</subfield>
      <subfield code="u">root://eospublic.cern.ch//eos/opendata/cms/Run2011A/db/FT_53_LV5_AN1.db</subfield>
      <subfield code="s">82944</subfield>
    </datafield>
    <datafield tag="856" ind1="7" ind2=" ">
      <subfield code="2">xrootd</subfield>
      <subfield code="u">root://eospublic.cern.ch//eos/opendata/cms/Run2011A/db/FT_53_LV5_AN1.tgz</subfield>
      <subfield code="s">11581209101</subfield>
    </datafield>
    <datafield tag="964" ind1=" " ind2="0">
      <subfield code="c">Run2011A</subfield>
    </datafield>
    <datafield tag="980" ind1=" " ind2=" ">
      <subfield code="a">CMS-Condition-Data</subfield>
    </datafield>
    <datafield tag="980" ind1=" " ind2=" ">
      <subfield code="b">Research</subfield>
    </datafield>
    <datafield tag="FFT" ind1=" " ind2=" ">
      <subfield code="a">/tmp/opendata.cern.ch-fft-file-cache/cms-eos-file-indexes/CMS_Run2011A_db_FT_53_LV5_AN1_file_index.txt</subfield>
    </datafield>
  </record>