
  <record>
    <controlfield tag="001">1802</controlfield>
    <datafield tag="110" ind1=" " ind2=" ">
      <subfield code="a">CMS collaboration</subfield>
      <subfield code="w">451</subfield>
    </datafield>
    <datafield tag="245" ind1=" " ind2=" ">
      <subfield code="a">Condition data for 2011 CMS Simulated Datasets</subfield>
    </datafield>
    <datafield tag="260" ind1=" " ind2=" ">
      <subfield code="b">CERN Open Data Portal</subfield>
      <subfield code="c">2016</subfield>
    </datafield>
    <datafield tag="264" ind1=" " ind2="0">
      <subfield code="c">2011</subfield>
    </datafield>
    <datafield tag="520" ind1=" " ind2=" ">
      <subfield code="a"><![CDATA[<p>Condition database includes non-event-related
      information (Alignment, Calibration, Temperature, etc) and parameters for
      simulation/reconstruction/analysis software.</p>
      <p> These files are needed when running a CMSSW job on the Open Data VM. They are automatically read from
      the /cvmfs/cms-opendata-conddb.cern.ch runtime, you do not need to download these files from here separately.</p>
      <p>START53_LVA1 is to be used with the simulated data</p>
      <p>For 2011 CMS collision data see</p>]]></subfield>
      <subfield code="w">1801</subfield>
    </datafield>
    <datafield tag="693" ind1=" " ind2=" ">
      <subfield code="a">CERN-LHC</subfield>
      <subfield code="e">CMS</subfield>
    </datafield>
    <datafield tag="856" ind1="7" ind2=" ">
      <subfield code="2">xrootd</subfield>
      <subfield code="u">root://eospublic.cern.ch//eos/opendata/cms/Run2011A/db/START53_LV6A1.db</subfield>
      <subfield code="s">84992</subfield>
    </datafield>
    <datafield tag="856" ind1="7" ind2=" ">
      <subfield code="2">xrootd</subfield>
      <subfield code="u">root://eospublic.cern.ch//eos/opendata/cms/Run2011A/db/START53_LV6A1.tgz</subfield>
      <subfield code="s">165990768</subfield>
    </datafield>
    <datafield tag="964" ind1=" " ind2="0">
      <subfield code="c">2011RunA</subfield>
    </datafield>
    <datafield tag="980" ind1=" " ind2=" ">
      <subfield code="a">CMS-Condition-Data</subfield>
    </datafield>
    <datafield tag="980" ind1=" " ind2=" ">
      <subfield code="b">Research</subfield>
    </datafield>
    <datafield tag="FFT" ind1=" " ind2=" ">
      <subfield code="a">/tmp/opendata.cern.ch-fft-file-cache/cms-eos-file-indexes/CMS_Run2011A_db_START53_LV6A1_file_index.txt</subfield>
    </datafield>
  </record>
</collection>
